<collection xmlns="http://www.loc.gov/MARC21/slim">
<record>
  <leader>00952nam0a2200229 i 450 </leader>
  <controlfield tag="001">IT\ICCU\CNCE\007849</controlfield>
  <controlfield tag="005">19970101000000.0</controlfield>
  <datafield tag="012" ind1=" " ind2=" ">
    <subfield code="a">toso a.di o.an prin (3) 1599 (R)</subfield>
    <subfield code="2">fei</subfield>
  </datafield>
  <datafield tag="100" ind1=" " ind2=" ">
    <subfield code="a">19970101d1599        0itac0103    ba</subfield>
  </datafield>
  <datafield tag="101" ind1=" " ind2=" ">
    <subfield code="a">LAT</subfield>
    <subfield code="a">ITA</subfield>
  </datafield>
  <datafield tag="102" ind1=" " ind2=" ">
    <subfield code="a">IT</subfield>
  </datafield>
  <datafield tag="200" ind1="1" ind2=" ">
    <subfield code="a">Hexastica in omnes ecclesias, quae ... in ... agro Vigleuanensi ... conspiciuntur</subfield>
  </datafield>
  <datafield tag="210" ind1=" " ind2=" ">
    <subfield code="a">Mediolani</subfield>
    <subfield code="c">apud Gratiadeum Feriolum</subfield>
    <subfield code="d">1599</subfield>
  </datafield>
  <datafield tag="215" ind1=" " ind2=" ">
    <subfield code="a">42 p.</subfield>
    <subfield code="d">4ʻ</subfield>
  </datafield>
  <datafield tag="620" ind1=" " ind2=" ">
    <subfield code="a">IT</subfield>
    <subfield code="d">Milano</subfield>
  </datafield>
  <datafield tag="700" ind1=" " ind2="1">
    <subfield code="a">Buonfiglio,</subfield>
    <subfield code="b">Paolo Antonio</subfield>
    <subfield code="3">IT\ICCU\CNCA\002119</subfield>
  </datafield>
  <datafield tag="712" ind1="0" ind2="0">
    <subfield code="a">Ferioli, Graziadio</subfield>
    <subfield code="3">IT\ICCU\CNCT\000341</subfield>
    <subfield code="4">650</subfield>
  </datafield>
  <datafield tag="790" ind1=" " ind2="1">
    <subfield code="a">Bonfigli,</subfield>
    <subfield code="b">Paolo Antonio</subfield>
    <subfield code="3">IT\ICCU\CNCA\008174</subfield>
    <subfield code="z">Buonfiglio, Paolo Antonio</subfield>
  </datafield>
  <datafield tag="790" ind1=" " ind2="1">
    <subfield code="a">Bonfilio,</subfield>
    <subfield code="b">Paolo Antonio</subfield>
    <subfield code="3">IT\ICCU\CNCA\010340</subfield>
    <subfield code="z">Buonfiglio, Paolo Antonio</subfield>
  </datafield>
  <datafield tag="791" ind1="0" ind2="0">
    <subfield code="a">Feriolus, Gratiadeus</subfield>
    <subfield code="3">IT\ICCU\CNCT\005492</subfield>
    <subfield code="z">Ferioli, Graziadio</subfield>
  </datafield>
  <datafield tag="801" ind1=" " ind2="3">
    <subfield code="a">IT</subfield>
    <subfield code="b">ICCU</subfield>
    <subfield code="c">20201113</subfield>
  </datafield>
  <datafield tag="899" ind1=" " ind2=" ">
    <subfield code="a">Biblioteca del Seminario arcivescovile maggiore. Firenze</subfield>
    <subfield code="1">FI0056</subfield>
    <subfield code="2">RT1 QM</subfield>
  </datafield>
</record>
</collection>
